@article{cond-mat/0408187,
    Author = {Aaron Clauset and M. E. J. Newman and Cristopher Moore},
    Title = {Finding community structure in very large networks},
    Year = {2004},
    Eprint = {arXiv:cond-mat/0408187},
    Howpublished = {Phys. Rev. E 70, 066111 (2004)},
    Doi = {10.1103/PhysRevE.70.066111},
}

@article{JianboShi2000,
    doi = {10.1109/34.868688},
    url = {https://doi.org/10.1109/34.868688},
    year = {2000},
    publisher = {Institute of Electrical and Electronics Engineers ({IEEE})},
    volume = {22},
    number = {8},
    pages = {888--905},
    author = {Jianbo Shi and J. Malik},
    title = {Normalized cuts and image segmentation},
    journal = {{IEEE} Transactions on Pattern Analysis and Machine Intelligence}
}

@inproceedings{Chung1993LaplaciansOG,
    title = {Laplacians of graphs and Cheeger inequalities},
    author = {Fan R. K. Chung},
    year = {1993}
}

@article{belkin2003laplacian,
    title = {Laplacian eigenmaps for dimensionality reduction and data representation},
    author = {Belkin, Mikhail and Niyogi, Partha},
    journal = {Neural computation},
    volume = {15},
    number = {6},
    pages = {1373--1396},
    year = {2003},
    publisher = {MIT Press}
}

@article{0711.0189,
    Author = {Ulrike von Luxburg},
    Title = {A Tutorial on Spectral Clustering},
    Year = {2007},
    Eprint = {arXiv:0711.0189},
    Howpublished = {Statistics and Computing 17(4), 2007},
}

@inproceedings{ng2002spectral,
    title = {On spectral clustering: Analysis and an algorithm},
    author = {Ng, Andrew Y and Jordan, Michael I and Weiss, Yair},
    booktitle = {Advances in neural information processing systems},
    pages = {849--856},
    year = {2002}
}

@article{Girvan2002,
    doi = {10.1073/pnas.122653799},
    url = {https://doi.org/10.1073/pnas.122653799},
     year = {2002},
    month = jun,
    publisher = {Proceedings of the National Academy of Sciences},
    volume = {99},
    number = {12},
    pages = {7821--7826},
    author = {M. Girvan and M. E. J. Newman},
    title = {Community structure in social and biological networks},
    journal = {Proceedings of the National Academy of Sciences}
}

@misc{buger_2015,
    title = {Why Laplacian Matrix need normalization and how come the sqrt of Degree Matrix?},
    url = {https://math.stackexchange.com/questions/1113467/why-laplacian-matrix-need-normalization-and-how-come-the-sqrt-of-degree-matrix},
    journal = {Mathematics Stack Exchange},
    author = {Buger, John BugerJohn},
    year = {2015},
    month = {Jan}
}